<record><leader>00000cas a2200000 a 4500</leader><controlfield tag="001">9926374</controlfield><controlfield tag="008">830920d18211828nyuwr ne      0    0eng c</controlfield><datafield ind1=" " ind2=" " tag="010"><subfield code="a">sn 83031608 </subfield></datafield><datafield ind1=" " ind2=" " tag="040"><subfield code="a">NPU</subfield><subfield code="b">eng</subfield><subfield code="c">NPU</subfield><subfield code="d">NPX</subfield><subfield code="d">UNP</subfield><subfield code="d">NYS</subfield><subfield code="d">OCL</subfield><subfield code="d">NYS</subfield><subfield code="d">OCLCQ</subfield><subfield code="d">NVF</subfield><subfield code="d">KRTAS</subfield><subfield code="d">OCLCQ</subfield><subfield code="d">OCLCF</subfield><subfield code="d">OCLCO</subfield></datafield><datafield ind1="1" ind2=" " tag="029"><subfield code="a">AU@</subfield><subfield code="b">000020127726</subfield></datafield><datafield ind1=" " ind2=" " tag="042"><subfield code="a">pcc</subfield></datafield><datafield ind1=" " ind2=" " tag="043"><subfield code="a">n-us-ny</subfield></datafield><datafield ind1="0" ind2=" " tag="130"><subfield code="a">People's friend (Little Falls, N.Y.)</subfield></datafield><datafield ind1="1" ind2="4" tag="245"><subfield code="a">The people's friend.</subfield></datafield><datafield ind1=" " ind2=" " tag="260"><subfield code="a">Little-Falls, N.Y. :</subfield><subfield code="b">Edward M. Griffing,</subfield><subfield code="c">-1828.</subfield></datafield><datafield ind1=" " ind2=" " tag="300"><subfield code="a">v. ;</subfield><subfield code="c">48 cm.</subfield></datafield><datafield ind1=" " ind2=" " tag="310"><subfield code="a">Weekly</subfield></datafield><datafield ind1="1" ind2=" " tag="362"><subfield code="a">Began in Sept. 1821.</subfield><subfield code="z">Cf. French, J.H. Gazetteer of the state of N.Y., 1860.</subfield></datafield><datafield ind1="0" ind2=" " tag="362"><subfield code="a">-v. 8, no. 17 (Dec. 25, 1828) = -whole no. 381.</subfield></datafield><datafield ind1=" " ind2=" " tag="500"><subfield code="a">Democratic. Cf. Development of Little Falls.</subfield></datafield><datafield ind1=" " ind2=" " tag="500"><subfield code="a">"Here shall the Press, the People's RIGHTS maintain, Unawed by influence, and unbribed by Gain," &lt;1826&gt;.</subfield></datafield><datafield ind1=" " ind2=" " tag="500"><subfield code="a">"Here patriot TRUTH her glorious ... precepts ... to draw. Pledged to RELIGION, LIBERTY and LAW," &lt;1827&gt;.</subfield></datafield><datafield ind1=" " ind2=" " tag="588"><subfield code="a">Description based on: Vol. 1, no. 7, (Oct. 25, 1821).</subfield></datafield><datafield ind1=" " ind2="0" tag="651"><subfield code="a">Little Falls (N.Y.)</subfield><subfield code="v">Newspapers.</subfield></datafield><datafield ind1=" " ind2="0" tag="651"><subfield code="a">Herkimer County (N.Y.)</subfield><subfield code="v">Newspapers.</subfield></datafield><datafield ind1=" " ind2="7" tag="655"><subfield code="a">Newspapers.</subfield><subfield code="2">fast</subfield><subfield code="0">(OCoLC)fst01423814</subfield></datafield><datafield ind1=" " ind2="7" tag="651"><subfield code="a">New York (State)</subfield><subfield code="z">Herkimer County.</subfield><subfield code="2">fast</subfield><subfield code="0">(OCoLC)fst01223285</subfield></datafield><datafield ind1=" " ind2="7" tag="651"><subfield code="a">New York (State)</subfield><subfield code="z">Little Falls.</subfield><subfield code="2">fast</subfield><subfield code="0">(OCoLC)fst01224076</subfield></datafield><datafield ind1=" " ind2=" " tag="752"><subfield code="a">United States</subfield><subfield code="b">New York</subfield><subfield code="c">Herkimer</subfield><subfield code="d">Little Falls.</subfield></datafield><datafield ind1="0" ind2="0" tag="785"><subfield code="t">People's friend, and Little Falls gazette</subfield><subfield code="w">(DLC)sn 84031850</subfield><subfield code="w">(OCoLC)11250372</subfield></datafield><datafield ind1=" " ind2=" " tag="938"><subfield code="a">Kirtas Technologies, Inc.</subfield><subfield code="b">KRTS</subfield><subfield code="n">737454</subfield></datafield></record>